@book{mas1995microeconomic,
  title={Microeconomic theory},
  author={Mas-Colell, Andreu and Whinston, Michael Dennis and Green, Jerry R},
  volume={1},
  year={1995},
  publisher={Oxford university press New York}
}

@misc{biorender,
  author = {{BioRender.com}},
  title = {BioRender - Biological Figure Creation Tool},
  year = {2024},
  howpublished = {\url{https://BioRender.com}},
  note = {Accessed: 2024-12-09}
}
